@inpreceedings{pipelinepaper,
title= "The IDIA PROCESSMEERKAT pipeline: Fast CASA Processing on a Cloud-Based HPC Cluster, XXXIVth General Assembly and Scientific Symposium of the International Union of Radio Science",
year= 2021,
author= "J. Collier et. al.",
}

@inproceedings{meerkat,
author= "J. Jonas",
title= "On the Pathway to the SKA",
year= 2016,
booktitle= "Proceedings of MeerKAT Science",
}

@inproceedings{laduma,
    author= "S. Blyth et. al.",
    title= "LADUMA: Looking at the Distant Universe with the MeerKAT Array",
    year= 2016,
    booktitle= "Proceedings of MeerKAT Science",
}

@inproceedings{mightee,
author= "K. Jarvis et. al.",
title= "The MeerKAT International GHz Tiered Extragalactic Exploration (MIGHTEE) Survey",
year= 2016,
    booktitle= "Proceedings of MeerKAT Science",
}

@inproceedings{thunderkat,
author= "R. Fender et. al.",
title= "ThunderKAT: The MeerKAT Large Survey Project for Image-Plane Radio Transients",
booktitle = "MeerKAT Science: On the Pathway to the SKA.", 
year= 2016,
}

@inproceedings{mongoose,
title= "MHONGOOSE: A MeerKAT nearby galaxy Hâ€¯I survey",
author= "W. J. G. de Blok et. al.",
booktitle= {Astronomy and Astrophisics},
doi= "10.1051/0004-6361/202348297"
}

@inproceedings{formax,
title= "The Fornax Deep Survey with VST",
booktitle={Astronomy and Astrophysics},
author= "A. H. Su et. al.",
year= 2021,
DOI= "10.1051/0004-6361/202038015"
}

@inproceedings{cyberska,
title="CyberSKA: an on-line collaborative portal for data-intensive radio astronomy",
booktitle="Scince Gateway Workshop",
author= "K. Kiddle et. al.",
year= 2011,
doi= "10.1145/2110486.2110496",
}


@misc{cbio,
title= "CBio web site",
howpublished = {\url{https://health.uct.ac.za/computational-biology}},
}

@misc{H3ABioNet,
title= "H3ABioNet web site",
howpublished = {\url{https://www.h3abionet.org/index.php/nodes/cbio}},
}


